% Bibliography
 @misc{uk copyright service, 
 	title={International copyright protection - how it works.}, 
 	url={https://copyrightservice.co.uk/copyright/international_copyright}, 
 	journal={UK Copyright Service}
 }
 
 @misc{uk copyright service, 
 	title={UK copyright law}, 
 	url={https://copyrightservice.co.uk/copyright/p01_uk_copyright_law}, 
 	journal={UK Copyright Service}
 }
 
 @misc{william entriken (@fulldecent)_2018, title={EIP-721: Non-Fungible token standard}, url={https://eips.ethereum.org/EIPS/eip-721}, journal={Ethereum Improvement Proposals}, author={William Entriken (@fulldecent), Dieter Shirley}, year={2018}, month={Jan}} 
  
  @misc{Introduction to smart contracts, url={https://ethereum.org}, abstractNote={An overview of smart contracts, focussing on their unique characteristics and limitations.}, journal={ethereum.org} }
  
  @book{blockchain_revolution,
  title={Blockchain Revolution: How the Technology Behind Bitcoin and Other Cryptocurrencies Is Changing the World},
  author={Tapscott, D. and Tapscott, A.},
  isbn={9781101980149},
  lccn={2016008427},
  url={https://books.google.co.uk/books?id=8qlPEAAAQBAJ},
  year={2018},
  publisher={Penguin Publishing Group}
}